<?xml version="1.0" encoding="UTF-8"?><record xmlns="http://www.loc.gov/MARC21/slim" xmlns:cinclude="http://apache.org/cocoon/include/1.0" xmlns:zs="http://www.loc.gov/zing/srw/">
  <leader>00634cz  a2200181n  4500</leader>
  <controlfield tag="001">n 2013215892</controlfield>
  <controlfield tag="003">DLC</controlfield>
  <controlfield tag="005">20131228073735.0</controlfield>
  <controlfield tag="008">131212n| azannaabn          |n aaa      </controlfield>
  <datafield tag="010" ind1=" " ind2=" ">
    <subfield code="a">n 2013215892</subfield>
  </datafield>
  <datafield tag="035" ind1=" " ind2=" ">
    <subfield code="a">(OCoLC)oca09637547</subfield>
  </datafield>
  <datafield tag="040" ind1=" " ind2=" ">
    <subfield code="a">DLC</subfield>
    <subfield code="b">eng</subfield>
    <subfield code="e">rda</subfield>
    <subfield code="c">DLC</subfield>
    <subfield code="d">IEN</subfield>
  </datafield>
  <datafield tag="100" ind1="1" ind2=" ">
    <subfield code="a">Chandrahas, K.</subfield>
  </datafield>
  <datafield tag="370" ind1=" " ind2=" ">
    <subfield code="e">Hyderabad (India)</subfield>
    <subfield code="2">naf</subfield>
  </datafield>
  <datafield tag="371" ind1=" " ind2=" ">
    <subfield code="m">kchandrahas@yahoo.com</subfield>
  </datafield>
  <datafield tag="375" ind1=" " ind2=" ">
    <subfield code="a">male</subfield>
  </datafield>
  <datafield tag="377" ind1=" " ind2=" ">
    <subfield code="a">eng</subfield>
    <subfield code="a">tel</subfield>
  </datafield>
  <datafield tag="670" ind1=" " ind2=" ">
    <subfield code="a">Dr. Y. Nayudamma, 2013:</subfield>
    <subfield code="b">t.p. (K. Chandrahas) p. 4 of cover flap (chief commissioner of Income-tax (retd.) lives in Hyderabad. He translated some of the Telugu works into English; e-mail: kchandrahas@yahoo.com)</subfield>
  </datafield>
</record>